@book{bishop,
  title={Pattern recognition and machine learning},
  author={Bishop, Christopher M},
  year={2006},
  publisher={springer}
}

@article{shannon1948,
  title={A mathematical theory of communication, Part I, Part II},
  author={Shannon, Claude E},
  journal={Bell Syst. Tech. J.},
  volume={27},
  pages={623--656},
  year={1948}
}

@article{kullback1951,
  title={On information and sufficiency},
  author={Kullback, Solomon and Leibler, Richard A},
  journal={The annals of mathematical statistics},
  volume={22},
  number={1},
  pages={79--86},
  year={1951},
  publisher={JSTOR}
}
